% Base information
@misc{y_et_al_2024,
      author = {Yingxin Li and Fukang Liu and Gaoli Wang},
      title = {New Records in Collision Attacks on {SHA}-2},
      howpublished = {Cryptology {ePrint} Archive, Paper 2024/349},
      year = {2024},
      url = {https://eprint.iacr.org/2024/349}
}

@TECHREPORT{SMTLIB,
      author = {Clark Barrett and Pascal Fontaine and Cesare Tinelli},
      title = {{The SMT-LIB Standard: Version 2.6}},
      institution = {Department of Computer Science, The University of Iowa},
      year = 2017,
      note = {Available at {\tt www.SMT-LIB.org}}
}

@misc{secure_hash_standard,
      author = {{National Institute of Standards and Technology (NIST)}},
      title = {{Secure Hash Standard (SHS)}},
      year = {2015},
      month = {August},
      howpublished = {Federal Information Processing Standards Publication (FIPS PUB) 180-4},
      url = {https://nvlpubs.nist.gov/nistpubs/FIPS/NIST.FIPS.180-4.pdf},
      note = {Specifies hash algorithms including SHA-224, SHA-256, SHA-384, SHA-512, SHA-512/224, and SHA-512/256. Effective March 6, 2012, with updates in August 2015.}
}

% Codebase specific
@misc{rust,
      author = {{The Rust Project Developers}},
      title = {The Rust Programming Language},
      year = {N/D},
      note = {Rust C Version 1.85.1},
      url = {https://www.rust-lang.org},
      urldate = {2025-04-11}
}

@misc{mold,
      author = {Ueyama, Rui},
      title = {mold: A Modern Linker},
      year = {N/D},
      note = {Version 2.37.1},
      url = {https://github.com/rui314/mold},
      urldate = {2025-04-11}
}

@misc{cc_by-nc-sa,
      author = "Creative Commons",
      title = {Creative Commons Attribution-NonCommercial-ShareAlike 4.0 International Public License},
      year = {2013},
      note = {Version 4.0; SPDX Identifier: CC-BY-NC-SA-4.0},
      url = {https://creativecommons.org/licenses/by-nc-sa/4.0/},
      urldate = {2025-04-12}
}
